<?xml version="1.0" encoding="UTF-8"?><collection xmlns="http://www.loc.gov/MARC21/slim"><record><leader>00546nam--2200193-u-4500</leader><controlfield tag="001">000050435</controlfield><controlfield tag="002">20161230</controlfield><controlfield tag="003">81841</controlfield><controlfield tag="005">20161230201048</controlfield><controlfield tag="008">070322s1000------------r-----000-0-eng-d</controlfield><datafield ind1=" " ind2=" " tag="020"><subfield code="a">0387955232</subfield></datafield><datafield ind1=" " ind2=" " tag="040"><subfield code="a">IFIN-HH</subfield></datafield><datafield ind1="1" ind2=" " tag="100"><subfield code="a">Hassani, S</subfield></datafield><datafield ind1="1" ind2="0" tag="245"><subfield code="a">Mathematical methods using mathematica : for students of physics and related fields</subfield><subfield code="c">S. hassani</subfield></datafield><datafield ind1=" " ind2=" " tag="260"><subfield code="a">Berlin</subfield><subfield code="b">Springer</subfield><subfield code="c">2003</subfield></datafield><datafield ind1=" " ind2=" " tag="300"><subfield code="a">235 p</subfield></datafield><datafield ind1=" " ind2=" " tag="490"><subfield code="a">Undergraduate Texts In Contwemporary Physics</subfield></datafield><datafield ind1=" " ind2=" " tag="852"><subfield code="a">81841</subfield><subfield code="c">681.3</subfield></datafield><datafield ind1=" " ind2=" " tag="CAT"><subfield code="a">Sys</subfield><subfield code="c">20130806</subfield><subfield code="h">134711</subfield></datafield></record></collection>